@article{Choset,
author = {Howie Choset},
title = {Coverage for robotics â€“ A survey of recent results},
journal = {Annals of Mathematics and Artificial Intelligence},
year = {2001},
month = {January},
volume = {31},
pages = {113 - 126},
}

@article{STC,
author = {Y. Gabriely and E. Rimon},
title = {Spanning-tree based coverage of continuous areas by a mobile robot},
journal = {Annals of Mathematics and Artificial Intelligence},
year = {2001},
month = {October},
volume = {31},
isbn = {0-7803-6576-3}
}

@Article{Hert1996,
author="Hert, Susan
and Tiwari, Sanjay
and Lumelsky, Vladimir",
title="A terrain-covering algorithm for an AUV",
journal="Autonomous Robots",
year="1996",
month="Jun",
day="01",
volume="3",
number="2",
pages="91--119",
issn="1573-7527",
doi="10.1007/BF00141150",
url="https://doi.org/10.1007/BF00141150"
}

@conference{Choset-2000,
author = {Howie Choset and Ercan Acar and Alfred Rizzi and Jon Luntz},
title = {Exact Cellular Decompositions in Terms of Critical Points of Morse Functions},
booktitle = {Proceedings of IEEE International Conference on Robotics and Automation (ICRA '00)},
year = {2000},
month = {April},
volume = {3},
pages = {2270 - 2277},
}

@article{Kurabayashi,
author = {D. Kurabayashi, J. Ota, T. Arai, S. Ichikawa, S. Koga, H. Asama, and I. Endo},
title = {Cooperative Sweeping by Multiple Mobile Robots with Relocating Portable Obstacles},
journal = {Proceedings of the IEEE/RSJ International Conference on Intelligent Robots and Systems},
year = {1996},
month = {November}
}

@article{Zheng,
author = {X. Zheng, S. Jain, S. Koenig, and D. Kempe},
title = {Multi-Robot Forest Coverage},
journal = {IEEE/RSJ International Conference on Intelligent Robots and Systems},
year = {2005},
month = {August}
}

@inproceedings{Arkin1993,
  title={The Lawnmower Problem},
  author={Esther M. Arkin and S{\'a}ndor P. Fekete and Joseph S. B. Mitchell},
  booktitle={CCCG},
  year={1993}
}

@article{Gabriely2003,
title = "Competitive on-line coverage of grid environments by a mobile robot",
journal = "Computational Geometry",
volume = "24",
number = "3",
pages = "197 - 224",
year = "2003",
issn = "0925-7721",
doi = "https://doi.org/10.1016/S0925-7721(02)00110-4",
url = "http://www.sciencedirect.com/science/article/pii/S0925772102001104",
author = "Yoav Gabriely and Elon Rimon"
}

@book{CormenAlg,
 author = {Cormen, Thomas H. and Stein, Clifford and Rivest, Ronald L. and Leiserson, Charles E.},
 title = {Introduction to Algorithms},
 year = {2001},
 isbn = {0070131511},
 edition = {2nd},
 publisher = {McGraw-Hill Higher Education},
}

@article{Itai,
author = {A. Itai, C. Papadimitrou, and J. Szwarcfiter},
title = {Hamilton Paths in Grid Graphs},
year = {1982},
journal = {SIAM Journal on Computing},
month = {November}
}

%should this be an inproceedings?
@article{Hazon,
author = {N. Hazon and G. Kaminka},
title = {Redundancy, Efficiency and Robustness in Multi-Robot Coverage},
year = {2005},
month = {April},
journal = {Proceedings of the 2005 IEEE International Conference on Robotics and Automation}
}

@article{FYShuffle,
author = {R. Durstenfeld},
title = {Algorithm 235: Random Permutation},
year = {1964},
month = {July},
journal = {Communications of the ACM}
}

@incollection{Thrun,
 author = {Thrun, Sebastian},
 chapter = {Robotic Mapping: A Survey},
 title = {Exploring Artificial Intelligence in the New Millennium},
 editor = {Lakemeyer, Gerhard and Nebel, Bernhard},
 year = {2003},
 isbn = {1-55860-811-7},
 pages = {1--35},
 numpages = {35},
 url = {http://dl.acm.org/citation.cfm?id=779343.779345},
 acmid = {779345},
 publisher = {Morgan Kaufmann Publishers Inc.},
 address = {San Francisco, CA, USA},
}

@software{Gloss,
   author = {Lippmeier, Ben},
   title = {Gloss},
   url = {http://gloss.ouroborus.net/},
   version = {1.13.1.1},
   date = {2019-12-06}
}

@software{GHC,
  author = {The GHC Team},
  title = {The Glasgow Haskell Compiler},
  url = {http://www.haskell.org/ghc/},
  version = {8.6.5},
  date = {2019-12-06}
}

@software{Trifecta,
  author = {Kmett, Edward},
  title = {Trifecta},
  url = {http://github.com/ekmett/trifecta/},
  version = {2.1},
  date = {2019-12-06}
}

@software{Containers,
  author = {Haskell Libraries},
  title = {Containers},
  url = {http://github.com/haskell/containers.git},
  version = {0.6.2.1},
  date = {2019-12-06}
  }

@software{Vector,
  author = {Roman Leshchinskiy},
  title = {Data.Vector},
  url = {http://github.com/haskell/vector},
  version = {0.12.0.3},
  date = {2019-12-09}
}

@software{PSQueue,
  author = {Ralf Hinze},  
  title = {PSQueue},
  url = {https://github.com/hackage-trustees/PSQueue.git},
  version = {1.1.0.1},
  date = {2019-12-09}
}

@software{Prettyprinter,
  author = {P.Wadler, D. Leijen, M. Bolingbroke, E. Kmett, D. Luposchainsky},
  title = {pretyprinter},
  url = {http://github.com/quchen/prettyprinter},
  version = {1.5.1},
  date = {2019-12-09}
}

@software{Time,
  author = {Ashley Yakeley},
  title = {time},
  url = {https://github.com/haskell/time},
  version = {1.9.3},
  date = {2019-12-09}
}

@article{Daltorio,
  author = {K. Daltorio and A. Rolin and J. Beno and B. Hughes and  A. Schepelmann and M. Branicky and R. Quinn},
  title = {An Obstacle Edging Reflex for an Autonomous Lawnmower},
  year = {2010},
  month = {May},
  journal = {IEEE/ION Position, Location and Navigation Symposium}
}