@article{Choset,
author = {Howie Choset},
title = {Coverage for robotics â€“ A survey of recent results},
journal = {Annals of Mathematics and Artificial Intelligence},
year = {2001},
month = {January},
volume = {31},
pages = {113 - 126},
}

@article{STC,
author = {Y. Gabriely and E. Rimon},
title = {Spanning-tree based coverage of continuous areas by a mobile robot},
journal = {Annals of Mathematics and Artificial Intelligence},
year = {2001},
month = {October},
volume = {31},
isbn = {0-7803-6576-3}
}

@Article{Hert1996,
author="Hert, Susan
and Tiwari, Sanjay
and Lumelsky, Vladimir",
title="A terrain-covering algorithm for an AUV",
journal="Autonomous Robots",
year="1996",
month="Jun",
day="01",
volume="3",
number="2",
pages="91--119",
issn="1573-7527",
doi="10.1007/BF00141150",
url="https://doi.org/10.1007/BF00141150"
}

@conference{Choset-2000,
author = {Howie Choset and Ercan Acar and Alfred Rizzi and Jon Luntz},
title = {Exact Cellular Decompositions in Terms of Critical Points of Morse Functions},
booktitle = {Proceedings of IEEE International Conference on Robotics and Automation (ICRA '00)},
year = {2000},
month = {April},
volume = {3},
pages = {2270 - 2277},
}

@incollection{Thrun,
 author = {Thrun, Sebastian},
 chapter = {Robotic Mapping: A Survey},
 title = {Exploring Artificial Intelligence in the New Millennium},
 editor = {Lakemeyer, Gerhard and Nebel, Bernhard},
 year = {2003},
 isbn = {1-55860-811-7},
 pages = {1--35},
 numpages = {35},
 url = {http://dl.acm.org/citation.cfm?id=779343.779345},
 acmid = {779345},
 publisher = {Morgan Kaufmann Publishers Inc.},
 address = {San Francisco, CA, USA},
}